@book{Land,
  title={Introduction to Infinity-Categories},
  author={Land, Markus},
  series={Compact Textbooks in Mathematics},
  year={2021},
  publisher={Springer International Publishing}
}
@site{Nardin,
title={Introduction to stable homotopy theory},
author={Nardin, Denis},
year={2020}
}

@unpublished{Hatcher-spec,
title={Spectral Sequences},
author={Hatcher, Allen},
year={2004},
note={Available at \url{https://pi.math.cornell.edu/~hatcher/AT/ATch5.pdf} (as of \today)}
}

@book{McCleary, edition={2}, series={Cambridge Studies in Advanced Mathematics}, title={A User's Guide to Spectral Sequences}, DOI={10.1017/CBO9780511626289}, publisher={Cambridge University Press}, author={McCleary, John}, year={2000}, collection={Cambridge Studies in Advanced Mathematics}}